@article{ABITEBOUL,
author  = "ABITEBOUL{,} S.{;} HULL{,} R.",
title   = "\textbf{{IFO}: a formal semantic database model.}",
year    = "1987",
journal = "ACM Transactions on Database Systems",
volume  = "12",
number  = "4",
pages   = "525--565"
}

@book{ABRAHART,
title = "\textbf{GeoComputation}",
author = "ABRAHART{,} R. J.{;} SEE{,} L.",
publisher = "CRC Press.",
year = "2014"
}

@article{ABRANTES,
author  = "ABRANTES{,} G. C. R.",
title   = "\textbf{Explicit representation of data that depend on topological relationships and control over data consistency.}",
year    = "1994",
journal = "Fifth European Conference and Exhibition on Geographical Information Systems."
}

@book{ACSELRAD,
title = "\textbf{Cartografias Sociais e Território.}",
author = "ACSELRAD{,} H",
publisher = "IPPUR/UFRJ",
address = "Rio de Janeiro",
year = "2008"
}

@book{AGARWAL,
title = "\textbf{Beginning C\# 5.0 Databases}",
author = "AGARWAL{,} V{,} V{.}",
publisher = "Apress",
address = "EUA",
year = "2012"
}

@book{AGOURIS,
title = "\textbf{Next Generation Geospatial Information: From Digital Image Analysis to SpatioTemporal Databases.}",
author = "AGOURIS{,} P{.}{;} CROITORU{,} A{.}",
publisher = "Taylor & Francis Group",
address = "London",
year = "2005"
}

@Manual{AIME,
title = {\textbf{Raster Data In GeoServer And GeoTools: Achievements, Issues And Future Developments.}},
author = {AIME{,} A{.}},
edition = {{FOSS4G} 2014 Portland},
note = {https://vimeo.com/106225056},
year = {2015}
}

@PhdThesis{ALMEIDA,
author = {ALMEIDA{,} C{.} M{.}},
title = {\textbf{Modelagem da dinâmica espacial como uma ferramenta auxiliar ao planejamento: simulação de mudanças de uso da terra em áreas urbanas para as cidades de Bauru e Piracicaba (SP), Brasil}},
school = {Instituto Nacional de Pesquisas Espaciais},
year = {2003},
address = {São José dos Campos, SP, Brasil}
}

@Article{ALMEIDA_etal03,
author = {ALMEIDA, C. M.; BATTY, M.; MONTEIRO, A. M. V.; CÂMARA, G.; SOARES- FILHO, B. S.; CERQUEIRA, G. C.; PENNACHIN, C. L.},
title = {\textbf{Stochastic cellular automata modeling of urban land use dynamics: empirical development and estimation.}},
journal = {Computers, Environment and Urban Systems},
year = {2003},
volume = {27},
number = {5},
pages = {481--509},
}

@Book{ALONSO_etal04,
author = {ALONSO, G., CASATI, F., KUNO, H. AND MACHIRAJU, V.},
title = {\textbf{Web Services. Concepts, Architectures and Applications.}},
publisher = {Springer},
year = {2004},
address = {Berlin},
}

@Manual{ANDERSON_DEOLIVEIRA,
title = {\textbf{WMS Performance Tests Map Server Vs Geo Server.}},
author = {ANDERSON, B.; DEOLIVEIRA, J.},
note = {http://www.slideshare.net/DonnyV/wms-performance-tests-map-server-vs-geo-server.},
year = {2007}
}

@Manual{ANGLINGER_GELBMANN,
title = {\textbf{MongoDB is the DBMS of the year, defending the title from last year.}},
author = {ANGLINGER, P.; GELBMANN, M.},
note = {http://db-engines.com/en/blog_post/41},
year = {2015}
}

@Article{ARMOND,
author = {ARMOND, N. B.},
title = {\textbf{Impressões Sobre as Trajetórias Recentes da Geografia Física Integradora no Brasil.}},
journal = {Terra Livre},
year = {2013},
volume = {2},
number = {41},
pages = {101--131},
}

@Article{BAPTISTA_etal11,
author = {BAPTISTA, C. S.; LIMA JUNIOR, O. F.; OLIVEIRA, M. G.; ANDRADE, F. G.; SILVA, T. E.; PIRES, C. E. S.},
title = {\textbf{Using OGC Services to Interoperate Spatial Data Stored in SQL and NoSQL Databases.}},
journal = {SIMPÓSIO BRASILEIRO DE GEOINFORMÁTICA (GEOINFO)},
year = {2011},
pages = {61--72},
}

@Manual{BARTOLOMEOLI,
title = {\textbf{Advanced Security With GeoServer.}},
author = {BARTOLOMEOLI, M},
edition = {{FOSS4G} 2014 Portland},
note = {https://vimeo.com/106221740},
year = {2014}
}

@Book{BATTY76,
author = {BATTY, M.},
title = {\textbf{Urban Modelling: Algorithms, Calibrations, Predictions.}},
publisher = {Cambridge University Press},
year = {1976},
address = {Cambridge, UK},
}

@PhdThesis{BATTY84,
author = {BATTY, M.},
title = {\textbf{Pseudo-dynamic urban models.}},
school = {University of Wales, Institute of Science and Techlonogy},
year = {1984},
}

@Manual{BAUMANN_etal99,
title = {\textbf{Spatio-Temporal Retrieval with RasDaMan.}},
author = {BAUMANN, P.; DEHMEN, A.; FURTADO, P.; RITSCH, R.; WIDMANN, N.},
note = {http://www.vldb.org/conf/1999/P74.pdf. 1999},
year = {1999},
}

@Article{BEDARD_etal96,
author = {BÉDARD, Y.; CARON, C.; MAAMAR, Z.; MOULIN, B.; VALLIÈRE, D.},
title = {\textbf{Adapting data models for the design of spatio-temporal databases.}},
journal = {Computers, Environment and Urban Systems},
year = {1996},
volume = {20},
number = {1},
pages = {19--41},
}

@Book{BENENSON_TORRENS,
author = {BENENSON, I.; TORRENS, P.},
title = {\textbf{Geosimulation: Automata based modeling of urban phenomena.}},
publisher = {Wiley},
year = {2004}
}

@Book{BERRY,
author = {BERRY, D. M.},
title = {\textbf{Understanding Digital Humanities.}},
publisher = {Basingstoke Palgrave Macmillan},
year = {2012}
}

@Article{BERTRAND,
author = {BERTRAND, G.},
title = {\textbf{Paisagem e geografia física global: um esboço metodológico.}},
journal = {Revista RA E GA},
year = {2004},
number = {8},
pages = {141--152},
}

@Book{BIVAND_etal13,
author = {BIVAND, R. S.; PEBESMA, E.; GÓMEZ-RUBIO, V. },
title = {\textbf{Applied Spatial Data Analysis with R.}},
publisher = {Springer},
year = {2013},
edition = {2ed},
}

@Book{BODENHAMER_etal10,
author = {BODENHAMER D. J., CORRIGAN J., HARRIS T.},
title = {\textbf{The Spatial Humanities: GIS and the Future of Humanities Scholarship.}},
publisher = {Indiana University Press},
year = {2010},
address = {Bloomington, IN},
}

@Book{BOHNER_etal06,
author = {BÖHNER, J.; McCLOY, K. R.; STROBL, J.},
title = {\textbf{SAGA: analysis and modelling applications.}},
publisher = {Göttinger Geographische Abhandlungen},
year = {2006},
address = {Göttingen},
}

@Book{BORGES_etal05,
author = {BORGES, K. A. V.; DAVIS JR., C. A.; LAENDER, A. H. F.},
title = {\textbf{Modelagem conceitual de dados geográficos.}},
publisher = {Editora Mundo Geo},
year = {2005},
address = {Curitiba},
}

@Article{BORGES_elat01,
author = {BORGES, K. A. V.; DAVIS JR., C. A.; LAENDER, A. H. F.},
title = {\textbf{OMT-G: an object-oriented data model for geographic applications.}},
journal = {GeoInformatica},
year = {2001},
volume = {5},
number = {3},
pages = {221--260},
}

@Book{BORGES_elat02,
author = {BORGES, K. A. V.; DAVIS JR., C. A.; LAENDER, A. H. F.},
title = {\textbf{Integrity constraints in spatial databases.}},
publisher = {Idea Group Publishing},
year = {2002},
address = {Hershey},
}

@Manual{BORGMAN,
title = {\textbf{The digital future is now: A call to action for the humanities.}},
author = {BORGMAN, C. L.},
edition = {Digital Humanities Quarterly},
note = {http://works.bepress.com/borgman/233},
year = {2009}
}

@Article{BROWN,
author = {BROWN, P. G.},
title = {\textbf{Overview of sciDB: large scale array storage, processing and analysis.}},
journal = {ACM SIGMOD International Conference on Management of data},
year = {2010},
pages = {963--968},
}

@Book{BURROUGH_FRANK,
author = {BURROUGH, P.; FRANK, A.},
title = {\textbf{Geographic Objects with Indeterminate Boundaries.}},
publisher = {Taylor \& Francis},
year = {1996},
address = {London},
}

@Article{BURTON,
author = {BURTON, I.},
title = {\textbf{The Quantitative Revolution and Theoretical Geography.}},
journal = {Canadian Geographer},
year = {1963},
number = {7},
pages = {151–-162},
}

@PhdThesis{CAMARA,
author = {CÂMARA, G.},
title = {\textbf{Modelos, Linguagens e Arquiteturas para Bancos de Dados Geográficos.}},
school = {Instituto Nacional de Pesquisas Espaciais},
year = {1995},
address = {São José dos Campos, SP},
}

@Book{CAMARA_b,
author = {author},
title = {\textbf{Representação computacional dos dados geográficos.}},
publisher = {Editora Mundo Geo},
year = {2005},
address = {Curitiba},
}

@Book{CAMARA_etal04,
author = {CÂMARA, G.; DAVIS, C.; MONTEIRO, A. M. V.},
title = {\textbf{Introdução à Ciência da Geoinformação.}},
publisher = {Instituto Nacional de Pesquisas Espaciais},
year = {2004},
address = {São José dos Campos},
}

@Book{CAMARA_etal10,
author = {CÂMARA{,} G{.}{;} VINHAS{,} L{.}{;} QUEIROZ{,} G{.} R{.}{;} FERREIRA{,} K{.} R{.}{;} MONTEIRO{,} A{.} M.{;} CARVALHO{,} M{.}{;} CASANOVA{,} M{.}},
title = {\textbf{TerraLib{;} An open-source GIS library for large-scale environmental and socio-economic applications.}},
publisher = {Springer},
year = {2010}
}

@Book{CASANOVA_etal05,
author = {CASANOVA, M.; CÂMARA, G.; DAVIS, C.; VINHAS, L.; QUEIROZ, G. R.},
title = {\textbf{Bancos de Dados Geográficos.}},
publisher = {Editora Mundo Geo},
year = {2005},
address = {Curitiba},
}

@Book{CASTELLS,
author = {CASTELLS, M.},
title = {\textbf{A Sociedade em Rede.}},
publisher = {Paz e Terra},
year = {1999},
address = {São Paulo},
}

@PhdThesis{CASTIGLIONE,
author = {CASTIGLIONE, L. H. G.},
title = {\textbf{Epistemologia da geoinformação: uma análise histórico-crítica.}},
school = {Universidade Federal Fluminense - Instituto Brasileiro de Informação em Ciência e Tecnologia.},
year = {2009},
address = {Niterói - Rio de Janeiro},
}

@Manual{CESIUM,
title = {\textbf{Cesium.}},
author = {CESIUM},
note = {https://cesiumjs.org/},
year = {2016}
}

@Article{CHAZDON,
author = {CHAZDON, R. L.},
title = {\textbf{Tropical forest recovery: legacies of human impact and natural disturbances.}},
journal = {Perspect Plant. Ecol Evol Syst},
year = {2003},
pages = {51–-71},
}

@Article{CHEN,
author = {CHEN, P.},
title = {\textbf{The entity-relationship model - toward a unified view of data.}},
journal = {ACM Transactions on Database Systems},
year = {1976},
volume = {1},
number = {1},
pages = {9--36},
}

@Book{CHODOROW_DIROLF,
author = {CHODOROW, K.; DIROLF, M.},
title = {\textbf{MongoDB: The Definitive Guide.}},
publisher = {O'Reilly Media},
year = {2013},
address = {USA},
edition = {2},
}

@Book{CHORLEY_HAGGETT,
author = {CHORLEY, R. J.; P. HAGGETT.},
title = {\textbf{Models in Geography.}},
publisher = {Methuen},
year = {1967},
address = {London},
}

@Book{CHRISTOFOLETTI,
author = {CHRISTOFOLETTI, A.},
title = {\textbf{As Perspectivas dos Estudos Geográficos}},
publisher = {Difel},
year = {1985},
address = {São Paulo},
}

@Article{CLARKE_GAYDOS,
author = {CLARKE, K. C.; GAYDOS, L. J.},
title = {\textbf{Loose-coupling a Cellular Automaton Model and GIS: Long-term Urban Growth Prediction for San Francisco and Washington/Baltimore.}},
journal = {International Journal of Geographical Information Science},
year = {1998},
volume = {12},
number = {7},
pages = {699--714},
}

@Article{CLARKE_elal97,
author = {CLARKE, K. C.; HOPPEN, S.; GAYDOS, L.},
title = {\textbf{A Self-modifying Cellular Automaton Model of Historical Urbanization in the San Francisco Bay Area.}},
journal = {Environment and Planning B: Planning and Design},
year = {1997},
pages = {247--261},
}

@Article{CODD,
author = {CODD, E. F.},
title = {\textbf{A relational model of data for large shared data banks.}},
journal = {Communications of the ACM},
year = {1970},
volume = {13},
number = {6},
pages = {377--387},
}

@Manual{COHEN,
title = {\textbf{Humanities 2.0: Digital keys for unlocking humanities’ riches.}},
author = {COHEN, P.},
note = {New York Times},
year = {2010}
}

@Article{COMER,
author = {COMER, D.},
title = {\textbf{Ubiquitous B-Tree.}},
journal = {ACM Computing Surveys},
year = {1979},
volume = {11},
number = {2},
pages = {121--137},
}

@Book{CORMEN_etal90,
author = {CORMEN, T. T.; LEISERSON, C. E.; RIVEST, R. L.},
title = {\textbf{Introduction to Algorithms,}},
publisher = {MIT Press},
year = {1990},
address = {Cambridge, MA, USA},
}

@Article{CRK_etal09,
author = {CRK, T.; URIARTE, M.; CORSI, F.; FLYNN, D.},
title = {\textbf{Forest recovery in a tropical landscape: what is the relative importance of biophyical, socioeconomic, and landscape 198 variables?}},
journal = {Landscape Ecology},
year = {2009},
pages = {629–-642},
}

@Book{CROOKS,
author = {CROOKS, A.},
title = {\textbf{The Evolving GeoWeb.}},
publisher = {CRC Press},
year = {2014},
}

@Article{CUDRE-MAUROUX_etal09,
author = {CUDRE-MAUROUX, P.; KIMURA, H.; LIM, K. T.; ROGERS, J.; SIMAKOV, R.; SOROUSH, E.; VELIKHOV, P.; WANG, D. L.; BALAZINSKA, M.;  BECLA, J.; DEWITT, D.; HEATH, B.; MAIER, D.; MADDEN, S.; PATEL, J.; STONEBRAKER, M.; ZDONIK, S.},
title = {\textbf{A demonstration of scidb: a science oriented dbms.}},
journal = {Proc. VLDB Endow},
year = {2009},
volume = {2},
number = {2},
pages = {1534--1537},
}

@Book{DANIELS_etal11,
author = {DANIELS S., DELYSER D., ENTRIKIN J. N., RICHARDSON D.},
title = {\textbf{Envisioning Landscapes, Making Worlds.}},
publisher = {Routledge},
year = {2011},
address = {Abingdon},
}

@Article{DAVIS_etal02,
author = {DAVIS, C.; BORGES, K.; LAENDER, A.},
title = {\textbf{OMT-G: An Object-Oriented Data Model for Geographic Applications.}},
journal = {GeoInformatica},
year = {2002},
volume = {3},
number = {1},
}

@PhdThesis{DAVIS,
author = {DAVIS, C. A.},
title = {\textbf{Múltiplas representações em sistemas de informação geográficos.}},
school = {Departamento de Ciência da Computação - UFMG},
year = {2000},
address = {Belo Horizonte, MG},
}

@Book{DAVIS,
author = {DAVIS, S.},
title = {\textbf{GIS for Web developers.}},
publisher = {The Pragmatic Programmers LLC},
year = {2007},
}

@Book{DEAR_etal11,
author = {DEAR M., KETCHUM J., LURIA S., RICHARDSON D.},
title = {\textbf{Geohumanities: Art, History, Text at the Edge of Place.}},
publisher = {Routledge},
year = {2011},
address = {Abingdon},
}

@Article{DELYSER_SUI_11,
author = {DELYSER, D.; SUI, D.},
title = {\textbf{Crossing the qualitative-quantitative chasm I: Hybrid geographies, the spatial turn, and volunteered geographic information (VGI).}},
journal = {Progress in Human Geography - SAGE Publications},
year = {2011},
}

@Article{DELYSER_SUI_12,
author = {DELYSER, D.; SUI, D.},
title = {\textbf{Crossing the qualitative-quantitative divide II: Inventive approaches to big data, mobile methods, and rhythmanalysis.}},
journal = {Progress in Human Geography - SAGE Publications},
year = {2012},
}

@Article{DELYSER_SUI_13,
author = {DELYSER, D.; SUI, D.},
title = {\textbf{Crossing the qualitative-quantitative chasm III: Enduring methods, open geography, participatory research, and the fourth paradigm.}},
journal = {Progress in Human Geography - SAGE Publications},
year = {2013},
}

@Book{DENT,
author = {DENT, B. D.},
title = {\textbf{Cartography: thematic map design.}},
publisher = {Dubuque},
year = {1999},
edition = {4},
}

@Book{DINCER_URAZ,
author = {DINCER, A.; URAZ, B.},
title = {\textbf{Google Maps JavaScript API Cookbook.}},
publisher = {Packt Publishing},
year = {2013},
address = {EUA},
}

@Book{DUVANDER,
author = {DUVANDER, A.},
title = {\textbf{Map Scripting 101: An Example-Driven Guide to Building Interactive Maps with Bing, Yahoo!, and Google Maps.}},
publisher = {No Starch Press},
year = {2010},
address = {San Francisco, EUA},
}

@Book{ELMASRI_NAVATHE,
author = {ELMASRI, R.; NAVATHE, S. B.},
title = {\textbf{Fundamentals of database systems.}},
publisher = {Addison Wesley},
year = {2006},
}

@Article{EGENHOFER_91,
author = {EGENHOFER, M.},
title = {\textbf{Extending SQL for cartographic display.}},
journal = {Cartography and Geographic Information Systems},
year = {1991},
pages = {230--245},
}

@Article{EGENHOFER_92,
author = {EGENHOFER, M.},
title = {\textbf{Why not SQL!}},
journal = {International Journal of Geographical Information Systems},
year = {1992},
pages = {71--85},
}

@Article{EGENHOFER_etal99,
author = {EGENHOFER, M.; GLASGOW, J.; GÜNTHER, O.; HERRING, J. R.; PEUQUET, D. J.},
title = {\textbf{Progress in computational methods for representing geographical concepts.}},
journal = {International Journal of Geographical Information Science.},
year = {1999},
volume = {13},
number = {8},
pages = {775--796},
}

@Article{EGENHOFER_HERRING,
author = {EGENHOFER, M.; HERRING, J.},
title = {\textbf{Categorizing Binary Topological Relationships Between Regions, Lines, and Points in Geographic Databases.}},
journal = {Orono, Department of Surveying Engineering, University of Maine},
year = {1991},
}

@Manual{FEATURESERVER,
title = {\textbf{FeatureServer.}},
author = {FEATURESERVER},
note = {http://featureserver.org},
year = {2015}
}

@Book{FRANK,
author = {FRANK, A. U.},
title = {\textbf{Ontology for Spatial-temporal Databases.}},
publisher = {Springer},
year = {2003},
address = {Berlin},
}

@Manual{FURIERI,
title = {\textbf{Using SpatiaLite.}},
author = {FURIERI, A.},
note = {http:/ /www.gaia-gis.it/gaia-sins},
year = {2012}
}

@Article{GAEDE_GUNTHER,
author = {GAEDE, V.; GÜNTHER, O.},
title = {\textbf{Multidimensional access methods.}},
journal = {ACM Computing Surveys},
year = {1998},
volume = {30},
number = {2},
pages = {170--231},
}

@Manual{GARNETT_AIME,
title = {\textbf{GeoServer Feature Frenzy.}},
author = {GARNETT, J.; AIME, A.},
edition = {FOSS4G 2014 Portland},
note = {https://vimeo.com/106221374},
year = {2015}
}

@Manual{GARNETT_etal15,
title = {\textbf{State of GeoServer and GeoTools 2014.}},
author = {GARNETT, J.; AIME, A.; DEOLIVERA, J.},
edition = {FOSS4G 2014 Portland},
note = {http://vimeo.com/106835755},
year = {2015}
}

@Manual{GIANNECCHINI,
title = {\textbf{Introduction To High Availability Clusters With GeoServer And GeoWebCache.}},
author = {GIANNECCHINI, S.},
edition = {FOSS4G 2013 Nottingham},
note = {http://2013.foss4g.org/conf/programme/freeworkshops.html},
year = {2013}
}

@Book{GOMES,
author = {GOMES, P.C.C.},
title = {\textbf{Geografia e Modernidade.}},
publisher = {Bertrand Brasil},
year = {2011},
address = {Rio de Janeiro},
edition = {10},
}

@Article{GOMES_VELHO,
author = {GOMES, J.; VELHO, L},
title = {\textbf{Abstraction Paradigms for Computer Graphics.}},
journal = {The Visual Computer},
year = {1995},
volume = {11},
number = {5},
pages = {227--239},
}

@Manual{GRASER,
title = {\textbf{Publishing interactive web maps using QGIS.}},
author = {GRASER, A.},
note = {http://anitagraser.com/2015/01/31/publishing-interactive-web-maps-using-qgis},
year = {2015}
}

@Article{GUTTMAN,
author = {GUTTMAN, A.},
title = {\textbf{R-trees: a dynamic index structure for spatial search.}},
journal = {ACM SIGMOD},
year = {1984},
volume = {14},
number = {12},
pages = {47--57},
}

@Manual{GVSIG,
title = {\textbf{Portal gvSIG.}},
author = {GVSIG},
note = {http://www.gvsig.org/web},
year = {2015}
}

@Manual{HANSEN,
title = {\textbf{GeoTools, GeoServer, GeoGit: A Case Study of Use in Utility Field Work.}},
author = {HANSEN, P.},
edition = {FOSS4G 2014 Portland},
note = {http://vimeo.com/106844336},
year = {2015}
}

@Manual{HAPSTER,
title = {\textbf{PGRestAPI}},
author = {HAPSTER, J.},
note = {https://github.com/spatialdev/PGRestAPI},
year = {2016}
}

@Book{HARTSHORNE,
author = {HARTSHORNE, R.},
title = {\textbf{The Nature of Geography.}},
publisher = {University of Minnesota Press},
year = {1939},
address = {Minnesota},
}

@Book{HARVEY,
author = {HARVEY, D.},
title = {\textbf{Explanation in Geography.}},
publisher = {E Arnold},
year = {1969},
address = {London},
}

@Book{HAZZARD,
author = {HAZZARD, E.},
title = {\textbf{OpenLayers 2.10 Beginner´s Guide.}},
publisher = {Packt Publishing},
year = {2011},
}

@Article{HERRING_etal88,
author = {HERRING, J., LARSEN, R..; SHIVAKUMAR, J.},
title = {\textbf{Extensions to the SQL language to support spatial analysis in a topological data base.}},
journal = {Proceedings of GIS/L IS 88, San Antonio},
year = {1988},
pages = {741--750},
}

@Manual{IBM_02,
title = {\textbf{IBM DB2 Spatial Extender: user’s guide and reference.}},
author = {IBM},
note = {http://www.ibm.com.br},
year = {2002}
}

@Manual{IBM_16,
title = {\textbf{Informix Spatial.}},
author = {IBM},
note = {http://www-01.ibm.com/software/data/informix/spatial/},
year = {2016}
}

@Article{INGRAM_PHILLIPS,
author = {INGRAM, K.; PHILLIPS, W.},
title = {\textbf{Geographic information processing using a SQL-based query language.}},
journal = {Proceedings of AUTO-CARTO 8, Eighth International Symposium on Computer-Assisted Cartography, Baltimore},
year = {1987},
pages = {326--335},
}

@MastersThesis{IOSIFESCU_09,
author = {IOSIFESCU I.},
title = {Design of a General Architecture for GIS.},
school = {ETH Zurich},
year = {2009},
address = {Switzerland},
}

@PhdThesis{IOSIFESCU_11,
author = {IOSIFESCU I.},
title = {\textbf{Cartographic Web Services.}},
school = {ETH Zurich},
year = {2009},
address = {Switzerland},
}

@Article{IOSIFESCU_13,
author = {IOSIFESCU I.},
title = {\textbf{Advancesin Web Service-Driven Cartography.}},
journal = {Proceedings of the 26th International Cartographic Conference ICC},
year = {2013},
}

@Manual{ISO,
title = {\textbf{ISO 19128 Geographic Information: Web Map Server Interface.}},
author = {ISO},
edition = {International Organization for Standardization, ISO Technical Committee 211},
year = {2005}
}

@Manual{JÜRGENS_JUNGHERR,
title = {\textbf{A Tutorial For Using Twitter Data in the Social Sciences: Data Collection, Preparation, and Analysis.}},
author = {JÜRGENS, P.; JUNGHERR, A.},
note = {http://ssrn.com/abstract=2710146},
year = {2016}
}

@Article{KEIDEL_etal11,
author = {KEIDEL, G. A., CRUZ, C.B.M., RICHTER, M. CARIS, E. A. P., SEABRA, V. S.},
title = {\textbf{Construção de Indicadores Favoráveis à Recuperação de Ecossistemas na Bacia do Rio São João.}},
journal = {Anais da I Jornada de Geotecnologias do Rio de Janeiro. UFRJ},
year = {2011},
}

@Manual{KERR,
title = {\textbf{Alternative Approaches to Parallel GIS Processing.}},
author = {KERR, N. T.},
note = {http://www.nathankerr.com/projects/parallel-gis-processing/alternative_approaches_to_parallel_gis_processing.html},
year = {2012}
}

@Article{KÖSTERS_etal97,
author = {KÖSTERS, G.; PAGEL, B.; SIX, H.},
title = {\textbf{GIS application development with GeoOOA.}},
journal = {International Journal of Geographic Information Science},
year = {1997},
volume = {11},
number = {4},
pages = {307--335},
}

@Book{KROPLA,
author = {KROPLA, B.},
title = {\textbf{Beginning MapServer: Open Source GIS Development.}},
publisher = {Apress},
year = {2005},
}

@Manual{KUNICKI,
title = {\textbf{WPS With GeoServer.}},
author = {KUNICKI, T.},
edition = {{FOSS4G} 2013 Nottingham},
note = {http://2013.foss4g.org/conf/programme/freeworkshops.html},
year = {2013}
}

@Manual{KWUN,
title = {\textbf{Big size meteorological data processing and mobile displaying system using PostgresSQL and GeoServer.}},
author = {KWUN, J.},
edition = {{FOSS4G} 2014 Portland},
note = {https://vimeo.com/106221099},
year = {2014}
}

@Book{LATOUR,
author = {LATOUR, B},
title = {\textbf{Jamais fomos modernos: ensaio de antropologia simétrica.}},
year = {1994},
address = {Rio de Janeiro},
}

@Article{LAWDER_KING,
author = {LAWDER, J. K.; KING, P. J. H.},
title = {\textbf{Using Space-Filling Curves for Multi-dimensional Indexing.}},
journal = {British National Conference on Databases: Advances in Databases},
year = {2000},
pages = {20--35},
}

@Manual{LEAFLET,
title = {\textbf{Leaflet.js}},
author = {LEAFLET},
note = {http://leafletjs.com},
year = {2015}
}

@Manual{LEMOINE,
title = {\textbf{OpenLayers 3: a unique mapping library.}},
author = {LEMOINE, E.},
edition = {{FOSS4G} 2014 Portland},
note = {https://vimeo.com/107531481},
year = {2014}
}

@Book{LISBOA_FILHO,
author = {LISBOA FILHO, J.},
title = {\textbf{Modelos de dados conceituais para sistemas de informação geográfica.}},
publisher = {UFRGS},
year = {1997},
address = {Porto Alegre},
}

@Book{LONGLEY_etal13,
author = {LONGLEY, P. A., GOODCHILD, M. F., MAGUIRE, D. J., RHIND, D. W.},
title = {\textbf{Sistemas e Ciência da Informação Geográfica}},
publisher = {Bookman},
year = {2013},
address = {Porto Alegre},
edition = {3},
}

@Book{LUNA,
author = {LUNA, F. D.},
title = {\textbf{Introduction to 3D Programming with DirectX 10.}},
publisher = {Jones \& Bartlett Publishers},
year = {2008},
}

@Book{MacEACHREN,
author = {MacEACHREN, A. M.},
title = {\textbf{How Maps work: representation, visualization and desing.}},
publisher = {Guilford Press},
year = {1995},
address = {New York},
edition = {1},
}

@Manual{MALONE,
title = {\textbf{How SimpleGeo Built a Scalable Geospatial Database with Apache Cassandra.}},
author = {MALONE, M.},
note = {http:// www.readwriteweb.com/cloud/2011/02/videosimplegeo- cassandra.php},
year = {2012}
}

@Manual{MAPBOX_JS,
title = {\textbf{Mapbox.js}},
author = {MAPBOX},
note = {https://www.mapbox.com/mapbox.js/api/v2.4.0},
year = {2016}
}

@Manual{MAPBOX_GLJS,
title = {\textbf{Mapbox GL JS}},
author = {MAPBOX},
note = {https://www.mapbox.com/mapbox-gl-js/api/},
year = {2016}
}

@Book{MARCEAU_BENENSON,
author = {MARCEAU, D. J.; BENENSON, I.},
title = {\textbf{Advanced Geosimulation Models.}},
publisher = {Bentham Science Publishers Ltd.},
year = {2011},
}

@Book{MARQUEZ,
author = {MARQUEZ, A.},
title = {\textbf{PostGIS Essentials.}},
publisher = {Packt Publishing},
year = {2015},
address = {UK},
}

@Book{MATSUDA_LEA,
author = {MATSUDA, K.; LEA, R.},
title = {\textbf{WebGL Programming Guide: Interactive 3D Graphics Programming with WebGL.}},
publisher = {Addison-Wesley Professional},
year = {2013},
address = {EUA},
}

@Book{MELTON,
author = {MELTON, J.},
title = {\textbf{AdvancedSQL: 1999 - Understanding Object-Relational and Other Advanced Features.}},
publisher = {Morgan Kaufmann},
year = {2003},
}

@Article{MELTON_EISENBERG,
author = {MELTON, J; EISENBERG, A.},
title = {\textbf{SQL multimedia and application packages (SQL/MM).}},
journal = {ACM SIGMOD},
year = {2001},
volume = {30},
number = {4},
pages = {97--102},
}

@Book{MENDONÇA,
author = {MENDONÇA, F.},
title = {\textbf{Geografia e meio ambiente.}},
publisher = {Contexto},
year = {2005},
address = {São Paulo},
edition = {8},
}

@Book{MENEZES_FERNANDES,
author = {MENEZES, P. M. L.; FERNANDES, M. C.},
title = {\textbf{Roteiro de Cartografia.}},
publisher = {Oficina de Textos},
year = {2013},
address = {São Paulo},
}

@Manual{MICROSOFT,
title = {\textbf{Delivering location intelligence with spatial data.}},
author = {MICROSOFT},
note = {http://www.microsoft.com},
year = {2008}
}

@Book{MONTEIRO_01,
author = {MONTEIRO, C. A. de F.},
title = {\textbf{Geossistemas: a história de uma procura.}},
publisher = {Contexto},
year = {2001},
address = {São Paulo},
edition = {2},
}

@Article{MONTEIRO_06,
author = {MONTEIRO, C. A. de F.},
title = {\textbf{Geografia entre os séculos XX e XXI: minha vivência na 2ª metade do 1º e na entrada do 2º e inquietações sobre o futuro.}},
journal = {GEOgraphia},
year = {2006},
volume = {8},
number = {16},
pages = {pages},
}

@Book{MORIN,
author = {MORIN, E.},
title = {\textbf{Ciência com consciência.}},
publisher = {Bertrand Brasil},
year = {2005},
address = {Rio de Janeiro},
edition = {7},
}

@Article{MOURA,
author = {MOURA, A.C.M.},
title = {\textbf{A importância dos metadados no uso das Geotecnologias e na difusão da Cartografia Digital.}},
journal = {Seminário Nacional sobre Mapeamento Sistemático},
year = {2005},
volume = {volume},
number = {number},
pages = {1--18},
}

@Manual{MYSQL,
title = {\textbf{MySQL Spatial.}},
author = {MYSQL},
note = {http://dev.mysql.com/doc/refman/5.7/en/spatial-extensions.html},
year = {2016}
}

@Book{NETELER_MITASOVA,
author = {NETELER, M.; MITASOVA, H.},
title = {\textbf{Open Source GIS: A GRASS GIS approach.}},
year = {2008},
edition = {3},
}

@Article{NIEVERGELT_etal84,
author = {NIEVERGELT, J.; HINTERBERGER, H.; SEVCIK, K. C.},
title = {\textbf{The Grid File: An Adaptable, Symmetric Multikey File Structure.}},
journal = {ACM Transactions on Database Systems},
year = {1984},
number = {1},
pages = {38--71},
}

@Manual{NPGSQL,
title = {\textbf{npgsql}},
author = {NPGSQL},
note = {http://www.npgsql.org},
year = {2016}
}

@Book{OBE_etal11,
author = {OBE, R.; HSU, L.; RAMSEY, P.},
title = {\textbf{PostGIS in Action.}},
publisher = {Manning Publications},
year = {2011},
edition = {1},
}

@Manual{OGC_02a,
title = {\textbf{Styled Layer Descriptor Implementation Specification.}},
author = {Open Geospatial Consortium},
note = {http://www.opengeospatial.org},
year = {2002}
}

@Manual{OGC_02b,
title = {\textbf{Filter Encoding.}},
author = {Open Geospatial Consortium},
note = {http://www.opengeospatial.org},
year = {2002}
}

@Manual{OGC_02c,
title = {\textbf{Web Feature Service.}},
author = {Open Geospatial Consortium},
note = {http://www.opengeospatial.org},
year = {2002}
}

@Manual{OGC_02d,
title = {\textbf{Geography Markup Language.}},
author = {Open Geospatial Consortium},
note = {http://www.opengeospatial.org},
year = {2002}
}

@Manual{OGC_12a,
title = {\textbf{OpenGIS Implementation Specification for Geographic information - Simple feature access - Part 1: Common architecture.}},
author = {Open Geospatial Consortium},
note = {http://www.opengeospatial.org},
year = {2012}
}

@Manual{OGC_12b,
title = {\textbf{OpenGISImplementation Specification for Geographic information - Simple feature access - Part 2: SQL option.}},
author = {Open Geospatial Consortium},
note = {http://www.opengeospatial.org},
year = {2012}
}

@Manual{OGIS,
title = {\textbf{OpenGIS simple features specification for SQL revision 1.1.}},
author = {OGIS},
year = {1995}
}

@Book{OOI,
author = {OOI, B.},
title = {\textbf{Efficient Query Processing in Geographic Information Systems.}},
publisher = {Springer},
year = {1990},
address = {New York},
}

@Book{OOI_SAKIS_DAVIS,
author = {OOI, B.; SACKS-DAVIS, R.},
title = {\textbf{Query optimization in an extended DBMS. Third International Conference on Foundations of Data Organization and Algorithms ({FODO})}},
publisher = {Springer},
year = {1989},
address = {New York},
}

@Article{OOI_etal89,
author = {OOI, B., SACKS-DAVIS, R.; MCDONELL, K.},
title = {\textbf{Extending a DBMS for geographic applications.}},
journal = {Proceedings of IEEE Fifth International Conference on Data Engineering},
year = {1989},
pages = {590--597},
}

@Article{OLIVEIRA_etal97,
author = {OLIVEIRA, J. L.; PIRES, F.; MEDEIROS, C. M. B.},
title = {\textbf{An environment for modeling and design of geographic applications.}},
journal = {GeoInformatica},
year = {1997},
volume = {1},
number = {1},
pages = {29--58},
}

@Book{OOSTEROM_ZLATANOVA,
author = {OOSTEROM, P. V.; ZLATANOVA, S.},
title = {\textbf{Creating Spatial Information Infrastructures: Towards the Spatial Semantic Web.}},
publisher = {CRC Press},
year = {2008},
}

@Manual{OPENBAY,
title = {\textbf{Openbay Project}},
author = {OPENBAY},
note = {https://github.com/isohuntto/openbay/blob/master/src/protected/data/schema.mysql.sql},
year = {2015}
}

@Manual{OPENLAYERS,
title = {\textbf{Limited layer extent.}},
author = {OPENLAYERS},
note = {http://openlayers.org/en/v3.2.0/examples/layer-extent.html},
year = {2015}
}

@Book{OPENSHAW,
author = {OPENSHAW, S.},
title = {\textbf{GeoComputation}},
publisher = {CRC Press},
year = {2014},
}

@Book{OPENSHAW_OPENSHAW,
author = {OPENSHAW, S.; OPENSHAW, C.},
title = {\textbf{Artificial Intelligence in Geography.}},
publisher = {John Wiley},
year = {1997},
address = {Chichester},
}

@Manual{ORACLE,
title = {\textbf{Oracle Spatial guide.}},
author = {ORACLE},
note = {http://www.oracle.com},
year = {2003}
}

@Manual{ORACLE,
title = {\textbf{Oracle Spatial - topology and network data models developers guide.}},
author = {ORACLE},
note = {http://www.oracle.com},
year = {2008}
}

@Manual{OSM,
title = {\textbf{OpenStreetMap API.}},
author = {OSM},
note = {http://wiki.openstreetmap.org/wiki/API_v0.6},
year = {2016}
}

@Manual{PMAPPER,
title = {\textbf{A MapServer PHP/MapScript Framework.}},
author = {PMAPPER},
note = {http://svn.pmapper.net/trac/wiki/PluginsQuery},
year = {2012}
}

@Article{PARENT_etal99,
author = {PARENT, C.; SPACCAPIETRA, S.; ZIMANYI, E.},
title = {\textbf{Spatio-temporal conceptual models: data structures plus space plus time.}},
journal = {7th International Symposium on Advances in Geographic Information Systems},
year = {1999},
pages = {26--33},
}

@Book{PENROSE,
author = {PENROSE, R.},
title = {\textbf{The Emperor's New Mind: Concerning Computers, Minds, and the Laws of Physics.}},
publisher = {Oxford University Press},
year = {1989},
address = {Oxford},
}

@Book{PEREZ,
author = {PEREZ, A. S.},
title = {\textbf{OpenLayers Cookbook: 60 recipes to create GIS web applications with the open source JavaScript library.}},
publisher = {Packt Publishing},
year = {2012},
address = {Birmingham},
}

@Book{PETERSON,
author = {PETERSON, M. P.},
title = {\textbf{Interactive and animated cartography.}},
publisher = {Prentice Hall},
year = {1995},
address = {New York},
}

@MastersThesis{PIMENTA,
author = {PIMENTA F. M.},
title = {Desenvolvimento de interfaces para gerar mapas interativos baseados em bancos de dados georreferenciados.},
school = {Universidade Federal de São João del-Rei},
year = {2011},
address = {Sete Lagoas},
}

@MastersThesis{PIMENTA_etal12,
author = {PIMENTA, F. M.; LANDAU, E. C.; HIRSCH, A.; GUIMARÃES, D.P.},
title = {Servidores de Mapas: Programação para disponibilizar dados geográficos multidisciplinares utilizando tecnologias livres.},
school = {Embrapa},
year = {2012},
address = {Brasília-DF},
}

@Book{POPPER,
author = {POPPER, K.},
title = {\textbf{A Lógica da Pesquisa Científica.}},
publisher = {EDUSP},
year = {1975},
address = {São Paulo},
}

@Book{PORTO_GONÇALVES,
author = {PORTO-GONÇALVES, C. W.},
title = {\textbf{Os (des)caminhos do meio ambiente.}},
publisher = {Contexto},
year = {2006},
address = {São Paulo},
edition = {14},
}

@Manual{POSTGIS,
title = {\textbf{Using PostGIS: Building Applications.}},
author = {POSTGIS},
note = {http://postgis.net/docs/manual-1.4/ch05.html#id424349},
year = {2015}
}

@Book{PREPARATA_SHAMOS,
author = {PREPARATA, F.; SHAMOS, M.},
title = {\textbf{Computational Geometry.}},
publisher = {Springer},
year = {1985},
address = {New York},
}

@Book{PRIGOGINE,
author = {PRIGOGINE, I.},
title = {\textbf{O fim das certezas: tempo, caos e as leis da natureza.}},
publisher = {UNESP},
year = {1996},
address = {São Paulo},
}

@Manual{QGIS,
title = {\textbf{Quantum GIS Geographic Information System. Open Source Geospatial Foundation Project.}},
author = {QUANTUM GIS DEVELOPMENT TEAM},
note = {http://qgis.osgeo.org},
year = {2012}
}

@Article{QUEIROZ_etal13,
author = {QUEIROZ, G. B.; MONTEIRO, A. M. V.; CÂMARA, G.},
title = {\textbf{Bancos de dados geográficos e sistemas nosql: onde estamos e para onde vamos.}},
journal = {Revista Brasileira de Cartografia},
year = {2013},
volume = {3},
number = {65},
pages = {479--492},
}

@Book{QUEIROZ_FERREIRA,
author = {QUEIROZ, G. B.; FERREIRA, K. R.},
title = {\textbf{Tutorial sobre Bancos de Dados Geográficos.}},
publisher = {Instituto Nacional de Pesquisas Espaciais - INPE},
year = {2006},
}

@Manual{UML,
title = {\textbf{The Unified Modeling Language: notation guide.}},
author = {RATIONAL SOFTWARE CORPORATION},
year = {1997}
}

@Book{REDMOND_WILSON,
author = {REDMOND, E.; WILSON, J. R.},
title = {\textbf{Seven Databases in Seven Weeks: A Guide to Modern Databases and the NoSQL Movement.}},
publisher = {Pragmatic Bookshelf},
year = {2012},
}

@Book{RIGAUX_etal02,
author = {RIGAUX, P.; SCHOLL, M.; VOISARD, A.},
title = {\textbf{Spatial Databases with application to GIS.}},
publisher = {Morgan Kaufmann Publishers},
year = {2002},
}

@Article{ROUSSOPOULOS_etal88,
author = {ROUSSOPOULOS, N., FALOUTSOS, C.; SELLIS, T.},
title = {\textbf{An efficient pictorial database system for PSQL.}},
journal = {IEEE Transactions on Software Engineering},
year = {1988},
pages = {630--638},
}

@Article{RUDEL_etal00,
author = {RUDEL TK.; PEREZ-LUGO M.; ZICHAL H.},
title = {\textbf{When fields revert to forest: development and spontaneous reforestation in Post-War Puerto Rico.}},
journal = {The Professional Geographer},
year = {2000},
pages = {386–-397},
}

@Book{RUMBAUGH_etal91,
author = {RUMBAUGH, J.; BLAHA, M.; PREMERLANI, W.; EDDY, F.; LORENSEN, W.},
title = {\textbf{Object-oriented Modeling and Design.}},
publisher = {Prentice-Hall},
year = {1991},
}

@Book{RUMBAUGH_etal04,
author = {RUMBAUGH, J.; JACOBSON, I.; BOOCH, G.},
title = {\textbf{The Unified Modeling Language Reference Manual.}},
publisher = {Pearson Education Inc},
year = {2004},
address = {Boston},
edition = {2},
}

@Book{SADALAGE_FOWLER,
author = {SADALAGE, P. J.; FOWLER, M.},
title = {\textbf{NoSQL Distilled: A Brief Guide to the Emerging World of Polyglot Persistence.}},
publisher = {Addison-Wesley Professional},
year = {2012},
}

@Book{SANTOS_06,
author = {SANTOS, B. de S.},
title = {\textbf{Um discurso sobre as ciências.}},
publisher = {Cortez},
year = {2006},
address = {São Paulo},
edition = {4},
}

@Book{SANTOS,
author = {SANTOS, M.},
title = {\textbf{Por uma Geografia Nova.}},
publisher = {Hucitec},
year = {1978},
address = {São Paulo},
}

@Book{SANTOS,
author = {SANTOS, M.},
title = {\textbf{A Natureza do Espaço: Técnica e Tempo. Razão e Emoção.}},
publisher = {Hucitec},
year = {ye1996ar},
address = {São Paulo},
}

@Article{SCHAEFER,
author = {SCHAEFER, F.},
title = {\textbf{Exceptionalism in Geography: A Methodological Examination.}},
journal = {AAAG},
year = {1953},
volume = {18},
number = {3},
pages = {226--249},
}

@Manual{SCHAUB,
title = {\textbf{Getting started with OpenLayers 3.}},
author = {SCHAUB, T.},
edition = {{FOSS4G} 2014 Portland},
note = {https://vimeo.com/106227909},
year = {2014}
}

@PhdThesis{SEABRA,
author = {SEABRA, V. S.},
title = {\textbf{Análise da paisagem em apoio aos estudos de favorabilidade à recuperação  florestal  na  bacia  hidrográfica  do  rio  São  João.}},
school = {Programa de Pós Graduação em Geografia – PPGG, Universidade Federal do Rio de Janeiro},
year = {2012},
address = {Rio de Janeiro},
}

@Article{SEABRA_CRUZ,
author = {SEABRA, V. S.; CRUZ, C.B.M.},
title = {\textbf{Mapeamento da Dinâmica da Cobertura e Uso da Terra na Bacia Hidrográfica do Rio São João, RJ.}},
journal = {Sociedade e Natureza},
year = {2013},
volume = {25},
number = {2},
pages = {411--426},
}

@Article{SHANNON,
author = {SHANNON, C.},
title = {\textbf{A Mathematical Theory of Communication.}},
journal = {Bell System Tech},
year = {1948},
volume = {27},
pages = {379–-423},
}

@Manual{SHARPMAP,
title = {\textbf{SharpMap.NET.}},
author = {SHARPMAP},
note = {https://sharpmap.codeplex.com},
year = {2015}
}

@Book{SHEKHAR_CHAWLA,
author = {SHEKHAR, S.; CHAWLA, S.},
title = {\textbf{Spatial databases: A tour.}},
publisher = {Prentice Hall},
year = {2003},
}

@Article{SHEKHAR_etal97,
author = {SHEKHAR, S.; COYLE, M.; GOYAL, B.; LIU, D.; SARKAR, S.},
title = {\textbf{Data models in geographic information systems.}},
journal = {Communications of the ACM},
year = {1997},
volume = {40},
number = {4},
pages = {103--111},
}

@Article{SHELLER_URRY,
author = {SHELLER, M., URRY, J.},
title = {\textbf{The new mobilities paradigm.}},
journal = {Environment and Planning A},
year = {2006},
pages = {207–-226},
}

@Book{SHEPPARD,
author = {SHEPPARD, E.},
title = {\textbf{Produção de conhecimento através do Sistema de Informações Geográficas Crítico: genealogia e perspectivas.}},
publisher = {IPPUR-UFRJ},
year = {2008},
address = {Rio de Janeiro},
}

@Book{SHREINER_etal13,
author = {SHREINER, D.; SELLERS, G.; KESSENICH, J.; LICEA-KANE, B.},
title = {\textbf{OpenGL Programming Guide.}},
publisher = {Pearson Education Inc},
year = {2013},
address = {New Jersey},
edition = {8},
}

@Article{SIEBER_etal11,
author = {SIEBER, R. E.; WELLEN, C. C., JIN Y.},
title = {\textbf{Spatial cyberinfrastructures, ontologies, and the humanities.}},
journal = {Proceedings of the National Academy of Science},
year = {2011},
pages = {5504–-5509},
}

@Article{SILVA_KEITH,
author = {SILVA, E. A.; KEITH C. C.},
title = {\textbf{Calibration of the SLEUTH Urban Growth Model for Lisbon and Porto.}},
journal = {Computers, Environment and Urban Systems},
year = {2002},
pages = {525–-552},
}

@Article{SLUTER,
author = {SLUTER, C. R.},
title = {\textbf{Sistemas especialistas para a geração de mapas temáticos.}},
journal = {Revista Brasileira de Cartografia},
year = {2001},
number = {53},
pages = {45--64},
}

@Book{SOARES_FILHO_etal09,
author = {SOARES-FILHO, B.; RODRIGUES, H.; LELLES, W.},
title = {\textbf{Modeling Environmental Dynamics with Dinamica EGO.}},
publisher = {CSR},
year = {2009},
address = {Belo Horizonte},
edition = {1},
}

@Book{SOWA,
author = {SOWA, J. F.},
title = {\textbf{Knowledge Representation: Logical, Philosophical, and Computational Foundations.}},
publisher = {Brooks Cole},
year = {2000},
address = {Pacific Grove},
}

@Book{STONEBRAKER,
author = {STONEBRAKER, M.},
title = {\textbf{Object-relational DBMSs: the next great wave.}},
publisher = {Morgan Kaufmann},
year = {1996},
address = {San Francisco},
}

@Article{STONEBRAKER_etal13,
author = {STONEBRAKER, M., BROWN, P., ZHANG, D., BECLA, J.},
title = {\textbf{SciDB: A database management system for applications with complex analytics.}},
journal = {Computing in Science & Engineering},
year = {2013},
volume = {15},
number = {3},
pages = {54–-62},
}

@Article{SUERTEGARAY_NUNES,
author = {SUERTEGARAY, D. M. A.; NUNES, J. O. R.},
title = {\textbf{A natureza da geografia física na geografia.}},
journal = {Terra Livre},
year = {2001},
number = {17},
pages = {11--24},
}

@Book{SUERTEGARAY,
author = {SUERTEGARAY, D. M. A.},
title = {\textbf{Geografia física, geografia ambiental ou geografia e ambiente}},
publisher = {UFPR},
year = {2004},
address = {Curitiba},
}

@Book{SVENNERBERG,
author = {SVENNERBERG, G.},
title = {\textbf{Beginning Google Maps API 3.}},
publisher = {Apress},
year = {2010},
address = {EUA},
edition = {2},
}

@Book{SZALEY_BLAKELEY,
author = {SZALEY, A. S.; BLAKELEY, J. A.},
title = {\textbf{Gray’s laws: database-centric computing in science.}},
publisher = {Microsoft},
year = {2009},
address = {Redmond},
}

@Book{TANENBAUM_02,
author = {TANENBAUM, A.},
title = {\textbf{Distributed Systems: Principles and Paradigms.}},
publisher = {Prentice Hall.},
year = {2002},
}

@Book{TANENBAUM_11,
author = {TANENBAUM, A.},
title = {\textbf{Computer Networks.}},
publisher = {Prentice Hall},
year = {2011},
edition = {5},
}

@Manual{TANGRAM,
title = {\textbf{Mapzen Tangram.}},
author = {TANGRAM},
note = {https://github.com/tangrams/tangram},
year = {2016}
}

@Manual{TERADATA,
title = {\textbf{Teradata Geospatial Feature.}},
author = {TERADATA},
note = {http://br.teradata.com/Resources/Demos/Teradata-Geospatial-FeaturesOverview/?LangType=1046\&LangSelect=true},
year = {2016}
}

@Article{TOBLER,
author = {TOBLER, W.},
title = {\textbf{A computer movie simulating urban growth in the Detroit region.}},
journal = {Economic Geography},
year = {1970},
volume = {46},
number = {2},
pages = {234--240},
}

@Article{TURING,
author = {TURING, A. M.},
title = {\textbf{Computing machinery and intelligence.}},
journal = {Mind},
year = {1950},
pages = {433--460},
}

@Book{TURTON,
author = {TURTON, I.},
title = {\textbf{GeoTools. Open Source Approaches in Spatial Data Handling: Advances in Geographic Information Science.}},
publisher = {Springer},
year = {2010},
}

@Book{URBANO_CAGNACCI,
author = {URBANO, F.; CAGNACCI, F.},
title = {\textbf{Spatial Database for GPS Wildlife Tracking Data.}},
publisher = {Springer International Publishing},
year = {2014},
address = {Switzerland},
}

@Article{WANG_WANG,
author = {WANG, Y.; WANG, S.},
title = {\textbf{Research and implementation on spatial data storage and operation based on Hadoop platform.}},
journal = {International Conference on Geoscience and Remote Sensing},
year = {2010},
pages = {275--278},
}

@Article{WARMERDAM,
author = {WARMERDAM, F.},
title = {\textbf{The Geospatial Data Abstraction Library.}},
journal = {Open Source Approaches in Spatial Data Handling: Advances in Geographic Information Science.},
year = {2010},
pages = {87--104},
}

@Book{WITTGENSTEIN,
author = {WITTGENSTEIN, L.},
title = {\textbf{Tractatus logico-philosophicus.}},
publisher = {Gallimard},
year = {1961},
address = {Paris},
}

@Manual{WOLF,
title = {\textbf{Philosophy of Language.}},
author = {WOLF, M. P.},
note = {http://www.iep.utm.edu/lang-phi},
year = {2015}
}

@Manual{WOODIE,
title = {\textbf{Array Databases: The Next Big Thing in Data Analytics?}},
author = {WOODIE, A.},
note = {http://www.datanami.com/2014/04/09/array_databases_the_next_big_thing_in_data_analytics_/},
year = {2014}
}

@Article{WORBOYS_etal90,
author = {WORBOYS, M. F.; HEARNSHAW, H. M.; MAGUIRE, D. J.},
title = {\textbf{Object-oriented data modelling for spatial databases.}},
journal = {International Journal of Geographic Information Systems},
year = {1990},
volume = {4},
number = {4},
pages = {369--383},
}























